%YAML 1.1
%TAG !u! tag:unity3d.com,2011:
--- !u!1 &7198096026560482052
GameObject:
  m_ObjectHideFlags: 0
  m_CorrespondingSourceObject: {fileID: 0}
  m_PrefabInstance: {fileID: 0}
  m_PrefabAsset: {fileID: 0}
  serializedVersion: 6
  m_Component:
  - component: {fileID: 7198096026560835416}
  - component: {fileID: 7093666757889024734}
  - component: {fileID: 7107276996441121481}
  - component: {fileID: 7198096025444398666}
  - component: {fileID: 7557548776655807469}
  m_Layer: 0
  m_Name: Controller (left)
  m_TagString: Controller
  m_Icon: {fileID: 0}
  m_NavMeshLayer: 0
  m_StaticEditorFlags: 0
  m_IsActive: 1
--- !u!4 &7198096026560835416
Transform:
  m_ObjectHideFlags: 0
  m_CorrespondingSourceObject: {fileID: 0}
  m_PrefabInstance: {fileID: 0}
  m_PrefabAsset: {fileID: 0}
  m_GameObject: {fileID: 7198096026560482052}
  m_LocalRotation: {x: 0, y: 0, z: 0, w: 1}
  m_LocalPosition: {x: 0, y: 0, z: 0}
  m_LocalScale: {x: 1, y: 1, z: 1}
  m_Children:
  - {fileID: 7198096026560852820}
  - {fileID: 478168316200367677}
  m_Father: {fileID: 7198096026560775082}
  m_RootOrder: 0
  m_LocalEulerAnglesHint: {x: 0, y: 0, z: 0}
--- !u!114 &7093666757889024734
MonoBehaviour:
  m_ObjectHideFlags: 0
  m_CorrespondingSourceObject: {fileID: 0}
  m_PrefabInstance: {fileID: 0}
  m_PrefabAsset: {fileID: 0}
  m_GameObject: {fileID: 7198096026560482052}
  m_Enabled: 1
  m_EditorHideFlags: 0
  m_Script: {fileID: 11500000, guid: 9a5fb0ca93b55ef4b8d54b512b103341, type: 3}
  m_Name: 
  m_EditorClassIdentifier: 
  poseAction:
    actionPath: /actions/default/in/Pose
    needsReinit: 0
  inputSource: 1
  origin: {fileID: 0}
  onTransformUpdated:
    m_PersistentCalls:
      m_Calls: []
  onTransformChanged:
    m_PersistentCalls:
      m_Calls: []
  onConnectedChanged:
    m_PersistentCalls:
      m_Calls: []
  onTrackingChanged:
    m_PersistentCalls:
      m_Calls: []
  onDeviceIndexChanged:
    m_PersistentCalls:
      m_Calls: []
  broadcastDeviceChanges: 1
--- !u!114 &7107276996441121481
MonoBehaviour:
  m_ObjectHideFlags: 0
  m_CorrespondingSourceObject: {fileID: 0}
  m_PrefabInstance: {fileID: 0}
  m_PrefabAsset: {fileID: 0}
  m_GameObject: {fileID: 7198096026560482052}
  m_Enabled: 1
  m_EditorHideFlags: 0
  m_Script: {fileID: 11500000, guid: 3173d69371333d8448a4539a2f81c5c9, type: 3}
  m_Name: 
  m_EditorClassIdentifier: 
--- !u!65 &7198096025444398666
BoxCollider:
  m_ObjectHideFlags: 0
  m_CorrespondingSourceObject: {fileID: 0}
  m_PrefabInstance: {fileID: 0}
  m_PrefabAsset: {fileID: 0}
  m_GameObject: {fileID: 7198096026560482052}
  m_Material: {fileID: 0}
  m_IsTrigger: 0
  m_Enabled: 1
  serializedVersion: 2
  m_Size: {x: 0.121872425, y: 0.07783672, z: 0.06890811}
  m_Center: {x: 0, y: -0.03370975, z: 0.013496608}
--- !u!114 &7557548776655807469
MonoBehaviour:
  m_ObjectHideFlags: 0
  m_CorrespondingSourceObject: {fileID: 0}
  m_PrefabInstance: {fileID: 0}
  m_PrefabAsset: {fileID: 0}
  m_GameObject: {fileID: 7198096026560482052}
  m_Enabled: 0
  m_EditorHideFlags: 0
  m_Script: {fileID: 11500000, guid: b2f511c1adaa1e94ebe7ca97bbcabd17, type: 3}
  m_Name: 
  m_EditorClassIdentifier: 
  pose: {fileID: 0}
  hand: 0
  interactWithUI:
    actionPath: /actions/default/in/InteractUI
    needsReinit: 0
  active: 1
  color: {r: 0, g: 0, b: 0, a: 0}
  thickness: 0.002
  clickColor: {r: 1, g: 0.44466835, b: 0, a: 1}
  holder: {fileID: 478168316200367674}
  pointer: {fileID: 0}
  addRigidBody: 0
  reference: {fileID: 0}
--- !u!1 &7198096026560500078
GameObject:
  m_ObjectHideFlags: 0
  m_CorrespondingSourceObject: {fileID: 0}
  m_PrefabInstance: {fileID: 0}
  m_PrefabAsset: {fileID: 0}
  serializedVersion: 6
  m_Component:
  - component: {fileID: 7198096026560852820}
  - component: {fileID: 7198096026570725724}
  m_Layer: 2
  m_Name: Model
  m_TagString: Untagged
  m_Icon: {fileID: 0}
  m_NavMeshLayer: 0
  m_StaticEditorFlags: 0
  m_IsActive: 1
--- !u!4 &7198096026560852820
Transform:
  m_ObjectHideFlags: 0
  m_CorrespondingSourceObject: {fileID: 0}
  m_PrefabInstance: {fileID: 0}
  m_PrefabAsset: {fileID: 0}
  m_GameObject: {fileID: 7198096026560500078}
  m_LocalRotation: {x: 0, y: 0, z: 0, w: 1}
  m_LocalPosition: {x: 0, y: 0, z: 0}
  m_LocalScale: {x: 1, y: 1, z: 1}
  m_Children: []
  m_Father: {fileID: 7198096026560835416}
  m_RootOrder: 0
  m_LocalEulerAnglesHint: {x: 0, y: 0, z: 0}
--- !u!114 &7198096026570725724
MonoBehaviour:
  m_ObjectHideFlags: 0
  m_CorrespondingSourceObject: {fileID: 0}
  m_PrefabInstance: {fileID: 0}
  m_PrefabAsset: {fileID: 0}
  m_GameObject: {fileID: 7198096026560500078}
  m_Enabled: 1
  m_EditorHideFlags: 0
  m_Script: {fileID: 11500000, guid: 5890e3cad70bea64d91aef9145ba3454, type: 3}
  m_Name: 
  m_EditorClassIdentifier: 
  index: -1
  modelOverride: 
  shader: {fileID: 46, guid: 0000000000000000f000000000000000, type: 0}
  verbose: 0
  createComponents: 1
  updateDynamically: 1
--- !u!1 &7198096026560500306
GameObject:
  m_ObjectHideFlags: 0
  m_CorrespondingSourceObject: {fileID: 0}
  m_PrefabInstance: {fileID: 0}
  m_PrefabAsset: {fileID: 0}
  serializedVersion: 6
  m_Component:
  - component: {fileID: 7198096026560775082}
  - component: {fileID: 7198096026562722036}
  - component: {fileID: 7198096026563754352}
  - component: {fileID: 7198096026570809360}
  - component: {fileID: 7198096025688368099}
  - component: {fileID: 7198096025688368096}
  m_Layer: 0
  m_Name: '[CameraRig]'
  m_TagString: Untagged
  m_Icon: {fileID: 0}
  m_NavMeshLayer: 0
  m_StaticEditorFlags: 0
  m_IsActive: 1
--- !u!4 &7198096026560775082
Transform:
  m_ObjectHideFlags: 0
  m_CorrespondingSourceObject: {fileID: 0}
  m_PrefabInstance: {fileID: 0}
  m_PrefabAsset: {fileID: 0}
  m_GameObject: {fileID: 7198096026560500306}
  m_LocalRotation: {x: 0, y: 0, z: 0, w: 1}
  m_LocalPosition: {x: 0, y: 0, z: 0}
  m_LocalScale: {x: 1, y: 1, z: 1}
  m_Children:
  - {fileID: 7198096026560835416}
  - {fileID: 7198096026560760708}
  - {fileID: 7199835025707413424}
  - {fileID: 2979259292722236153}
  - {fileID: 4810643591297148073}
  - {fileID: 1083506750667755350}
  m_Father: {fileID: 0}
  m_RootOrder: 0
  m_LocalEulerAnglesHint: {x: 0, y: 0, z: 0}
--- !u!23 &7198096026562722036
MeshRenderer:
  m_ObjectHideFlags: 0
  m_CorrespondingSourceObject: {fileID: 0}
  m_PrefabInstance: {fileID: 0}
  m_PrefabAsset: {fileID: 0}
  m_GameObject: {fileID: 7198096026560500306}
  m_Enabled: 1
  m_CastShadows: 0
  m_ReceiveShadows: 0
  m_DynamicOccludee: 1
  m_MotionVectors: 1
  m_LightProbeUsage: 0
  m_ReflectionProbeUsage: 0
  m_RayTracingMode: 2
  m_RenderingLayerMask: 1
  m_RendererPriority: 0
  m_Materials:
  - {fileID: 0}
  m_StaticBatchInfo:
    firstSubMesh: 0
    subMeshCount: 0
  m_StaticBatchRoot: {fileID: 0}
  m_ProbeAnchor: {fileID: 0}
  m_LightProbeVolumeOverride: {fileID: 0}
  m_ScaleInLightmap: 1
  m_ReceiveGI: 1
  m_PreserveUVs: 0
  m_IgnoreNormalsForChartDetection: 0
  m_ImportantGI: 0
  m_StitchLightmapSeams: 1
  m_SelectedEditorRenderState: 3
  m_MinimumChartSize: 4
  m_AutoUVMaxDistance: 0.5
  m_AutoUVMaxAngle: 89
  m_LightmapParameters: {fileID: 0}
  m_SortingLayerID: 0
  m_SortingLayer: 0
  m_SortingOrder: 0
--- !u!33 &7198096026563754352
MeshFilter:
  m_ObjectHideFlags: 0
  m_CorrespondingSourceObject: {fileID: 0}
  m_PrefabInstance: {fileID: 0}
  m_PrefabAsset: {fileID: 0}
  m_GameObject: {fileID: 7198096026560500306}
  m_Mesh: {fileID: 0}
--- !u!114 &7198096026570809360
MonoBehaviour:
  m_ObjectHideFlags: 0
  m_CorrespondingSourceObject: {fileID: 0}
  m_PrefabInstance: {fileID: 0}
  m_PrefabAsset: {fileID: 0}
  m_GameObject: {fileID: 7198096026560500306}
  m_Enabled: 0
  m_EditorHideFlags: 0
  m_Script: {fileID: 11500000, guid: 1f0522eaef74d984591c060d05a095c8, type: 3}
  m_Name: 
  m_EditorClassIdentifier: 
  borderThickness: 0.15
  wireframeHeight: 2
  drawWireframeWhenSelectedOnly: 0
  drawInGame: 0
  size: 2
  color: {r: 0, g: 1, b: 1, a: 1}
  vertices:
  - {x: 1.5, y: 0.01, z: -1.125}
  - {x: -1.5, y: 0.01, z: -1.125}
  - {x: -1.5, y: 0.01, z: 1.125}
  - {x: 1.5, y: 0.01, z: 1.125}
  - {x: 1.65, y: 0.01, z: -1.275}
  - {x: -1.65, y: 0.01, z: -1.275}
  - {x: -1.65, y: 0.01, z: 1.275}
  - {x: 1.65, y: 0.01, z: 1.275}
--- !u!114 &7198096025688368099
MonoBehaviour:
  m_ObjectHideFlags: 0
  m_CorrespondingSourceObject: {fileID: 0}
  m_PrefabInstance: {fileID: 0}
  m_PrefabAsset: {fileID: 0}
  m_GameObject: {fileID: 7198096026560500306}
  m_Enabled: 1
  m_EditorHideFlags: 0
  m_Script: {fileID: 11500000, guid: 7c56e04d2073c6a468b5ed3d4dbfe888, type: 3}
  m_Name: 
  m_EditorClassIdentifier: 
  LeftController: {fileID: 0}
  RightController: {fileID: 0}
  TargetCross_L: {fileID: 0}
  TargetCross_R: {fileID: 0}
  LaserLeft: {fileID: 0}
  LaserRight: {fileID: 0}
  b_squeeze_left: 0
  b_squeeze_right: 0
  b_touch_left: 0
  b_touch_right: 0
  Laserdistance: 0
--- !u!114 &7198096025688368096
MonoBehaviour:
  m_ObjectHideFlags: 0
  m_CorrespondingSourceObject: {fileID: 0}
  m_PrefabInstance: {fileID: 0}
  m_PrefabAsset: {fileID: 0}
  m_GameObject: {fileID: 7198096026560500306}
  m_Enabled: 1
  m_EditorHideFlags: 0
  m_Script: {fileID: 11500000, guid: 9c1c1b86911279f438ba962b19869398, type: 3}
  m_Name: 
  m_EditorClassIdentifier: 
--- !u!1 &7198096026560512290
GameObject:
  m_ObjectHideFlags: 0
  m_CorrespondingSourceObject: {fileID: 0}
  m_PrefabInstance: {fileID: 0}
  m_PrefabAsset: {fileID: 0}
  serializedVersion: 6
  m_Component:
  - component: {fileID: 7198096026560760708}
  - component: {fileID: 7093666758666485078}
  - component: {fileID: 7198096025610963001}
  - component: {fileID: 7198096025610963014}
  - component: {fileID: 7198096025556229352}
  m_Layer: 0
  m_Name: Controller (right)
  m_TagString: Controller
  m_Icon: {fileID: 0}
  m_NavMeshLayer: 0
  m_StaticEditorFlags: 0
  m_IsActive: 1
--- !u!4 &7198096026560760708
Transform:
  m_ObjectHideFlags: 0
  m_CorrespondingSourceObject: {fileID: 0}
  m_PrefabInstance: {fileID: 0}
  m_PrefabAsset: {fileID: 0}
  m_GameObject: {fileID: 7198096026560512290}
  m_LocalRotation: {x: 0, y: 0, z: 0, w: 1}
  m_LocalPosition: {x: 0, y: 0, z: 0}
  m_LocalScale: {x: 1, y: 1, z: 1}
  m_Children:
  - {fileID: 7198096026560848584}
  - {fileID: 4254033174722767083}
  m_Father: {fileID: 7198096026560775082}
  m_RootOrder: 1
  m_LocalEulerAnglesHint: {x: 0, y: 0, z: 0}
--- !u!114 &7093666758666485078
MonoBehaviour:
  m_ObjectHideFlags: 0
  m_CorrespondingSourceObject: {fileID: 0}
  m_PrefabInstance: {fileID: 0}
  m_PrefabAsset: {fileID: 0}
  m_GameObject: {fileID: 7198096026560512290}
  m_Enabled: 1
  m_EditorHideFlags: 0
  m_Script: {fileID: 11500000, guid: 9a5fb0ca93b55ef4b8d54b512b103341, type: 3}
  m_Name: 
  m_EditorClassIdentifier: 
  poseAction:
    actionPath: /actions/default/in/Pose
    needsReinit: 0
  inputSource: 2
  origin: {fileID: 0}
  onTransformUpdated:
    m_PersistentCalls:
      m_Calls: []
  onTransformChanged:
    m_PersistentCalls:
      m_Calls: []
  onConnectedChanged:
    m_PersistentCalls:
      m_Calls: []
  onTrackingChanged:
    m_PersistentCalls:
      m_Calls: []
  onDeviceIndexChanged:
    m_PersistentCalls:
      m_Calls: []
  broadcastDeviceChanges: 1
--- !u!65 &7198096025610963001
BoxCollider:
  m_ObjectHideFlags: 0
  m_CorrespondingSourceObject: {fileID: 0}
  m_PrefabInstance: {fileID: 0}
  m_PrefabAsset: {fileID: 0}
  m_GameObject: {fileID: 7198096026560512290}
  m_Material: {fileID: 0}
  m_IsTrigger: 0
  m_Enabled: 1
  serializedVersion: 2
  m_Size: {x: 0.121872425, y: 0.07783672, z: 0.06890811}
  m_Center: {x: 0, y: -0.03370975, z: 0.013496608}
--- !u!114 &7198096025610963014
MonoBehaviour:
  m_ObjectHideFlags: 0
  m_CorrespondingSourceObject: {fileID: 0}
  m_PrefabInstance: {fileID: 0}
  m_PrefabAsset: {fileID: 0}
  m_GameObject: {fileID: 7198096026560512290}
  m_Enabled: 1
  m_EditorHideFlags: 0
  m_Script: {fileID: 11500000, guid: 3173d69371333d8448a4539a2f81c5c9, type: 3}
  m_Name: 
  m_EditorClassIdentifier: 
--- !u!114 &7198096025556229352
MonoBehaviour:
  m_ObjectHideFlags: 0
  m_CorrespondingSourceObject: {fileID: 0}
  m_PrefabInstance: {fileID: 0}
  m_PrefabAsset: {fileID: 0}
  m_GameObject: {fileID: 7198096026560512290}
  m_Enabled: 0
  m_EditorHideFlags: 0
  m_Script: {fileID: 11500000, guid: b2f511c1adaa1e94ebe7ca97bbcabd17, type: 3}
  m_Name: 
  m_EditorClassIdentifier: 
  pose: {fileID: 0}
  hand: 1
  interactWithUI:
    actionPath: /actions/default/in/InteractUI
    needsReinit: 0
  active: 1
  color: {r: 0, g: 0, b: 0, a: 0}
  thickness: 0.002
  clickColor: {r: 1, g: 0.44466835, b: 0, a: 1}
  holder: {fileID: 4254033174722767084}
  pointer: {fileID: 0}
  addRigidBody: 0
  reference: {fileID: 0}
--- !u!1 &7198096026560552502
GameObject:
  m_ObjectHideFlags: 0
  m_CorrespondingSourceObject: {fileID: 0}
  m_PrefabInstance: {fileID: 0}
  m_PrefabAsset: {fileID: 0}
  serializedVersion: 6
  m_Component:
  - component: {fileID: 7198096026560848584}
  - component: {fileID: 7198096026570725846}
  m_Layer: 2
  m_Name: Model
  m_TagString: Untagged
  m_Icon: {fileID: 0}
  m_NavMeshLayer: 0
  m_StaticEditorFlags: 0
  m_IsActive: 1
--- !u!4 &7198096026560848584
Transform:
  m_ObjectHideFlags: 0
  m_CorrespondingSourceObject: {fileID: 0}
  m_PrefabInstance: {fileID: 0}
  m_PrefabAsset: {fileID: 0}
  m_GameObject: {fileID: 7198096026560552502}
  m_LocalRotation: {x: 0, y: 0, z: 0, w: 1}
  m_LocalPosition: {x: 0, y: 0, z: 0}
  m_LocalScale: {x: 1, y: 1, z: 1}
  m_Children: []
  m_Father: {fileID: 7198096026560760708}
  m_RootOrder: 0
  m_LocalEulerAnglesHint: {x: 0, y: 0, z: 0}
--- !u!114 &7198096026570725846
MonoBehaviour:
  m_ObjectHideFlags: 0
  m_CorrespondingSourceObject: {fileID: 0}
  m_PrefabInstance: {fileID: 0}
  m_PrefabAsset: {fileID: 0}
  m_GameObject: {fileID: 7198096026560552502}
  m_Enabled: 1
  m_EditorHideFlags: 0
  m_Script: {fileID: 11500000, guid: 5890e3cad70bea64d91aef9145ba3454, type: 3}
  m_Name: 
  m_EditorClassIdentifier: 
  index: -1
  modelOverride: 
  shader: {fileID: 46, guid: 0000000000000000f000000000000000, type: 0}
  verbose: 0
  createComponents: 1
  updateDynamically: 1
--- !u!1 &7198805761616206766
GameObject:
  m_ObjectHideFlags: 0
  m_CorrespondingSourceObject: {fileID: 0}
  m_PrefabInstance: {fileID: 0}
  m_PrefabAsset: {fileID: 0}
  serializedVersion: 6
  m_Component:
  - component: {fileID: 7199835025707413424}
  - component: {fileID: 7179806371638806506}
  - component: {fileID: 7132297903713777540}
  m_Layer: 0
  m_Name: Camera
  m_TagString: Untagged
  m_Icon: {fileID: 0}
  m_NavMeshLayer: 0
  m_StaticEditorFlags: 0
  m_IsActive: 1
--- !u!4 &7199835025707413424
Transform:
  m_ObjectHideFlags: 0
  m_CorrespondingSourceObject: {fileID: 0}
  m_PrefabInstance: {fileID: 0}
  m_PrefabAsset: {fileID: 0}
  m_GameObject: {fileID: 7198805761616206766}
  m_LocalRotation: {x: 0, y: 0, z: 0, w: 1}
  m_LocalPosition: {x: 0, y: 0, z: 0}
  m_LocalScale: {x: 1, y: 1, z: 1}
  m_Children: []
  m_Father: {fileID: 7198096026560775082}
  m_RootOrder: 2
  m_LocalEulerAnglesHint: {x: 0, y: 0, z: 0}
--- !u!20 &7179806371638806506
Camera:
  m_ObjectHideFlags: 0
  m_CorrespondingSourceObject: {fileID: 0}
  m_PrefabInstance: {fileID: 0}
  m_PrefabAsset: {fileID: 0}
  m_GameObject: {fileID: 7198805761616206766}
  m_Enabled: 1
  serializedVersion: 2
  m_ClearFlags: 1
  m_BackGroundColor: {r: 0.19215687, g: 0.3019608, b: 0.4745098, a: 0}
  m_projectionMatrixMode: 1
  m_GateFitMode: 2
  m_FOVAxisMode: 0
  m_SensorSize: {x: 36, y: 24}
  m_LensShift: {x: 0, y: 0}
  m_FocalLength: 50
  m_NormalizedViewPortRect:
    serializedVersion: 2
    x: 0
    y: 0
    width: 1
    height: 1
  near clip plane: 0.01
  far clip plane: 1000
  field of view: 60
  orthographic: 0
  orthographic size: 5
  m_Depth: 0
  m_CullingMask:
    serializedVersion: 2
    m_Bits: 4294967295
  m_RenderingPath: -1
  m_TargetTexture: {fileID: 0}
  m_TargetDisplay: 0
  m_TargetEye: 3
  m_HDR: 0
  m_AllowMSAA: 1
  m_AllowDynamicResolution: 0
  m_ForceIntoRT: 0
  m_OcclusionCulling: 1
  m_StereoConvergence: 10
  m_StereoSeparation: 0.022
--- !u!81 &7132297903713777540
AudioListener:
  m_ObjectHideFlags: 0
  m_CorrespondingSourceObject: {fileID: 0}
  m_PrefabInstance: {fileID: 0}
  m_PrefabAsset: {fileID: 0}
  m_GameObject: {fileID: 7198805761616206766}
  m_Enabled: 1
--- !u!1 &7914415549042578146
GameObject:
  m_ObjectHideFlags: 0
  m_CorrespondingSourceObject: {fileID: 0}
  m_PrefabInstance: {fileID: 0}
  m_PrefabAsset: {fileID: 0}
  serializedVersion: 6
  m_Component:
  - component: {fileID: 2979259292722236153}
  - component: {fileID: 2912900262176341798}
  - component: {fileID: 5693408874092212798}
  m_Layer: 0
  m_Name: EventSystem
  m_TagString: Untagged
  m_Icon: {fileID: 0}
  m_NavMeshLayer: 0
  m_StaticEditorFlags: 0
  m_IsActive: 1
--- !u!4 &2979259292722236153
Transform:
  m_ObjectHideFlags: 0
  m_CorrespondingSourceObject: {fileID: 0}
  m_PrefabInstance: {fileID: 0}
  m_PrefabAsset: {fileID: 0}
  m_GameObject: {fileID: 7914415549042578146}
  m_LocalRotation: {x: -0, y: -0, z: -0, w: 1}
  m_LocalPosition: {x: 0, y: 0, z: 0}
  m_LocalScale: {x: 1, y: 1, z: 1}
  m_Children: []
  m_Father: {fileID: 7198096026560775082}
  m_RootOrder: 3
  m_LocalEulerAnglesHint: {x: 0, y: 0, z: 0}
--- !u!114 &2912900262176341798
MonoBehaviour:
  m_ObjectHideFlags: 0
  m_CorrespondingSourceObject: {fileID: 0}
  m_PrefabInstance: {fileID: 0}
  m_PrefabAsset: {fileID: 0}
  m_GameObject: {fileID: 7914415549042578146}
  m_Enabled: 1
  m_EditorHideFlags: 0
  m_Script: {fileID: 11500000, guid: 76c392e42b5098c458856cdf6ecaaaa1, type: 3}
  m_Name: 
  m_EditorClassIdentifier: 
  m_FirstSelected: {fileID: 0}
  m_sendNavigationEvents: 1
  m_DragThreshold: 10
--- !u!114 &5693408874092212798
MonoBehaviour:
  m_ObjectHideFlags: 0
  m_CorrespondingSourceObject: {fileID: 0}
  m_PrefabInstance: {fileID: 0}
  m_PrefabAsset: {fileID: 0}
  m_GameObject: {fileID: 7914415549042578146}
  m_Enabled: 1
  m_EditorHideFlags: 0
  m_Script: {fileID: 11500000, guid: 4f231c4fb786f3946a6b90b886c48677, type: 3}
  m_Name: 
  m_EditorClassIdentifier: 
  m_HorizontalAxis: Horizontal
  m_VerticalAxis: Vertical
  m_SubmitButton: Submit
  m_CancelButton: Cancel
  m_InputActionsPerSecond: 10
  m_RepeatDelay: 0.5
  m_ForceModuleActive: 0
--- !u!1001 &1282847017565029204
PrefabInstance:
  m_ObjectHideFlags: 0
  serializedVersion: 2
  m_Modification:
    m_TransformParent: {fileID: 7198096026560775082}
    m_Modifications:
    - target: {fileID: 2217166532715744258, guid: 69cfc72909e39c04fb44d429ecc244a9,
        type: 3}
      propertyPath: m_LocalPosition.x
      value: 0
      objectReference: {fileID: 0}
    - target: {fileID: 2217166532715744258, guid: 69cfc72909e39c04fb44d429ecc244a9,
        type: 3}
      propertyPath: m_LocalPosition.y
      value: 0
      objectReference: {fileID: 0}
    - target: {fileID: 2217166532715744258, guid: 69cfc72909e39c04fb44d429ecc244a9,
        type: 3}
      propertyPath: m_LocalPosition.z
      value: 2.05
      objectReference: {fileID: 0}
    - target: {fileID: 2217166532715744258, guid: 69cfc72909e39c04fb44d429ecc244a9,
        type: 3}
      propertyPath: m_LocalRotation.x
      value: -0
      objectReference: {fileID: 0}
    - target: {fileID: 2217166532715744258, guid: 69cfc72909e39c04fb44d429ecc244a9,
        type: 3}
      propertyPath: m_LocalRotation.y
      value: -0
      objectReference: {fileID: 0}
    - target: {fileID: 2217166532715744258, guid: 69cfc72909e39c04fb44d429ecc244a9,
        type: 3}
      propertyPath: m_LocalRotation.z
      value: -0
      objectReference: {fileID: 0}
    - target: {fileID: 2217166532715744258, guid: 69cfc72909e39c04fb44d429ecc244a9,
        type: 3}
      propertyPath: m_LocalRotation.w
      value: 1
      objectReference: {fileID: 0}
    - target: {fileID: 2217166532715744258, guid: 69cfc72909e39c04fb44d429ecc244a9,
        type: 3}
      propertyPath: m_RootOrder
      value: 5
      objectReference: {fileID: 0}
    - target: {fileID: 2217166532715744258, guid: 69cfc72909e39c04fb44d429ecc244a9,
        type: 3}
      propertyPath: m_LocalEulerAnglesHint.x
      value: 0
      objectReference: {fileID: 0}
    - target: {fileID: 2217166532715744258, guid: 69cfc72909e39c04fb44d429ecc244a9,
        type: 3}
      propertyPath: m_LocalEulerAnglesHint.y
      value: 0
      objectReference: {fileID: 0}
    - target: {fileID: 2217166532715744258, guid: 69cfc72909e39c04fb44d429ecc244a9,
        type: 3}
      propertyPath: m_LocalEulerAnglesHint.z
      value: 0
      objectReference: {fileID: 0}
    - target: {fileID: 2217166532715744317, guid: 69cfc72909e39c04fb44d429ecc244a9,
        type: 3}
      propertyPath: m_Name
      value: TargetCross_R
      objectReference: {fileID: 0}
    m_RemovedComponents: []
  m_SourcePrefab: {fileID: 100100000, guid: 69cfc72909e39c04fb44d429ecc244a9, type: 3}
--- !u!4 &1083506750667755350 stripped
Transform:
  m_CorrespondingSourceObject: {fileID: 2217166532715744258, guid: 69cfc72909e39c04fb44d429ecc244a9,
    type: 3}
  m_PrefabInstance: {fileID: 1282847017565029204}
  m_PrefabAsset: {fileID: 0}
--- !u!1001 &6631027002804447403
PrefabInstance:
  m_ObjectHideFlags: 0
  serializedVersion: 2
  m_Modification:
    m_TransformParent: {fileID: 7198096026560775082}
    m_Modifications:
    - target: {fileID: 2217166532331726391, guid: 69cfc72909e39c04fb44d429ecc244a9,
        type: 3}
      propertyPath: m_Name
      value: TargetcrossL
      objectReference: {fileID: 0}
    - target: {fileID: 2217166532715744258, guid: 69cfc72909e39c04fb44d429ecc244a9,
        type: 3}
      propertyPath: m_LocalPosition.x
      value: 0
      objectReference: {fileID: 0}
    - target: {fileID: 2217166532715744258, guid: 69cfc72909e39c04fb44d429ecc244a9,
        type: 3}
      propertyPath: m_LocalPosition.y
      value: 0
      objectReference: {fileID: 0}
    - target: {fileID: 2217166532715744258, guid: 69cfc72909e39c04fb44d429ecc244a9,
        type: 3}
      propertyPath: m_LocalPosition.z
      value: 2.05
      objectReference: {fileID: 0}
    - target: {fileID: 2217166532715744258, guid: 69cfc72909e39c04fb44d429ecc244a9,
        type: 3}
      propertyPath: m_LocalRotation.x
      value: -0
      objectReference: {fileID: 0}
    - target: {fileID: 2217166532715744258, guid: 69cfc72909e39c04fb44d429ecc244a9,
        type: 3}
      propertyPath: m_LocalRotation.y
      value: -0
      objectReference: {fileID: 0}
    - target: {fileID: 2217166532715744258, guid: 69cfc72909e39c04fb44d429ecc244a9,
        type: 3}
      propertyPath: m_LocalRotation.z
      value: -0
      objectReference: {fileID: 0}
    - target: {fileID: 2217166532715744258, guid: 69cfc72909e39c04fb44d429ecc244a9,
        type: 3}
      propertyPath: m_LocalRotation.w
      value: 1
      objectReference: {fileID: 0}
    - target: {fileID: 2217166532715744258, guid: 69cfc72909e39c04fb44d429ecc244a9,
        type: 3}
      propertyPath: m_RootOrder
      value: 4
      objectReference: {fileID: 0}
    - target: {fileID: 2217166532715744258, guid: 69cfc72909e39c04fb44d429ecc244a9,
        type: 3}
      propertyPath: m_LocalEulerAnglesHint.x
      value: 0
      objectReference: {fileID: 0}
    - target: {fileID: 2217166532715744258, guid: 69cfc72909e39c04fb44d429ecc244a9,
        type: 3}
      propertyPath: m_LocalEulerAnglesHint.y
      value: 0
      objectReference: {fileID: 0}
    - target: {fileID: 2217166532715744258, guid: 69cfc72909e39c04fb44d429ecc244a9,
        type: 3}
      propertyPath: m_LocalEulerAnglesHint.z
      value: 0
      objectReference: {fileID: 0}
    - target: {fileID: 2217166532715744317, guid: 69cfc72909e39c04fb44d429ecc244a9,
        type: 3}
      propertyPath: m_Name
      value: TargetCross_L
      objectReference: {fileID: 0}
    m_RemovedComponents: []
  m_SourcePrefab: {fileID: 100100000, guid: 69cfc72909e39c04fb44d429ecc244a9, type: 3}
--- !u!4 &4810643591297148073 stripped
Transform:
  m_CorrespondingSourceObject: {fileID: 2217166532715744258, guid: 69cfc72909e39c04fb44d429ecc244a9,
    type: 3}
  m_PrefabInstance: {fileID: 6631027002804447403}
  m_PrefabAsset: {fileID: 0}
--- !u!1001 &6795739543984607678
PrefabInstance:
  m_ObjectHideFlags: 0
  serializedVersion: 2
  m_Modification:
    m_TransformParent: {fileID: 7198096026560835416}
    m_Modifications:
    - target: {fileID: 6407947792190220162, guid: 4801f5160a52af54c837ad3279bacac0,
        type: 3}
      propertyPath: m_Enabled
      value: 1
      objectReference: {fileID: 0}
    - target: {fileID: 6407947792190220163, guid: 4801f5160a52af54c837ad3279bacac0,
        type: 3}
      propertyPath: m_LocalPosition.x
      value: 0
      objectReference: {fileID: 0}
    - target: {fileID: 6407947792190220163, guid: 4801f5160a52af54c837ad3279bacac0,
        type: 3}
      propertyPath: m_LocalPosition.y
      value: -0.0671
      objectReference: {fileID: 0}
    - target: {fileID: 6407947792190220163, guid: 4801f5160a52af54c837ad3279bacac0,
        type: 3}
      propertyPath: m_LocalPosition.z
      value: 0.0289
      objectReference: {fileID: 0}
    - target: {fileID: 6407947792190220163, guid: 4801f5160a52af54c837ad3279bacac0,
        type: 3}
      propertyPath: m_LocalRotation.x
      value: 0.42008388
      objectReference: {fileID: 0}
    - target: {fileID: 6407947792190220163, guid: 4801f5160a52af54c837ad3279bacac0,
        type: 3}
      propertyPath: m_LocalRotation.y
      value: -0.000044971708
      objectReference: {fileID: 0}
    - target: {fileID: 6407947792190220163, guid: 4801f5160a52af54c837ad3279bacac0,
        type: 3}
      propertyPath: m_LocalRotation.z
      value: 0.000056046996
      objectReference: {fileID: 0}
    - target: {fileID: 6407947792190220163, guid: 4801f5160a52af54c837ad3279bacac0,
        type: 3}
      propertyPath: m_LocalRotation.w
      value: 0.9074853
      objectReference: {fileID: 0}
    - target: {fileID: 6407947792190220163, guid: 4801f5160a52af54c837ad3279bacac0,
        type: 3}
      propertyPath: m_RootOrder
      value: 1
      objectReference: {fileID: 0}
    - target: {fileID: 6407947792190220163, guid: 4801f5160a52af54c837ad3279bacac0,
        type: 3}
      propertyPath: m_LocalEulerAnglesHint.x
      value: 49.680004
      objectReference: {fileID: 0}
    - target: {fileID: 6407947792190220163, guid: 4801f5160a52af54c837ad3279bacac0,
        type: 3}
      propertyPath: m_LocalEulerAnglesHint.y
      value: -0.003
      objectReference: {fileID: 0}
    - target: {fileID: 6407947792190220163, guid: 4801f5160a52af54c837ad3279bacac0,
        type: 3}
      propertyPath: m_LocalEulerAnglesHint.z
      value: 0.006
      objectReference: {fileID: 0}
    - target: {fileID: 6407947792190220164, guid: 4801f5160a52af54c837ad3279bacac0,
        type: 3}
      propertyPath: m_Name
      value: Laser
      objectReference: {fileID: 0}
    m_RemovedComponents: []
  m_SourcePrefab: {fileID: 100100000, guid: 4801f5160a52af54c837ad3279bacac0, type: 3}
--- !u!4 &478168316200367677 stripped
Transform:
  m_CorrespondingSourceObject: {fileID: 6407947792190220163, guid: 4801f5160a52af54c837ad3279bacac0,
    type: 3}
  m_PrefabInstance: {fileID: 6795739543984607678}
  m_PrefabAsset: {fileID: 0}
--- !u!1 &478168316200367674 stripped
GameObject:
  m_CorrespondingSourceObject: {fileID: 6407947792190220164, guid: 4801f5160a52af54c837ad3279bacac0,
    type: 3}
  m_PrefabInstance: {fileID: 6795739543984607678}
  m_PrefabAsset: {fileID: 0}
--- !u!1001 &7198096025828773736
PrefabInstance:
  m_ObjectHideFlags: 0
  serializedVersion: 2
  m_Modification:
    m_TransformParent: {fileID: 7198096026560760708}
    m_Modifications:
    - target: {fileID: 6407947792190220163, guid: 4801f5160a52af54c837ad3279bacac0,
        type: 3}
      propertyPath: m_LocalPosition.x
      value: 0
      objectReference: {fileID: 0}
    - target: {fileID: 6407947792190220163, guid: 4801f5160a52af54c837ad3279bacac0,
        type: 3}
      propertyPath: m_LocalPosition.y
      value: -0.0671
      objectReference: {fileID: 0}
    - target: {fileID: 6407947792190220163, guid: 4801f5160a52af54c837ad3279bacac0,
        type: 3}
      propertyPath: m_LocalPosition.z
      value: 0.0289
      objectReference: {fileID: 0}
    - target: {fileID: 6407947792190220163, guid: 4801f5160a52af54c837ad3279bacac0,
        type: 3}
      propertyPath: m_LocalRotation.x
      value: 0.42008388
      objectReference: {fileID: 0}
    - target: {fileID: 6407947792190220163, guid: 4801f5160a52af54c837ad3279bacac0,
        type: 3}
      propertyPath: m_LocalRotation.y
      value: -0.000044971708
      objectReference: {fileID: 0}
    - target: {fileID: 6407947792190220163, guid: 4801f5160a52af54c837ad3279bacac0,
        type: 3}
      propertyPath: m_LocalRotation.z
      value: 0.000056046996
      objectReference: {fileID: 0}
    - target: {fileID: 6407947792190220163, guid: 4801f5160a52af54c837ad3279bacac0,
        type: 3}
      propertyPath: m_LocalRotation.w
      value: 0.9074853
      objectReference: {fileID: 0}
    - target: {fileID: 6407947792190220163, guid: 4801f5160a52af54c837ad3279bacac0,
        type: 3}
      propertyPath: m_RootOrder
      value: 1
      objectReference: {fileID: 0}
    - target: {fileID: 6407947792190220163, guid: 4801f5160a52af54c837ad3279bacac0,
        type: 3}
      propertyPath: m_LocalEulerAnglesHint.x
      value: 49.680004
      objectReference: {fileID: 0}
    - target: {fileID: 6407947792190220163, guid: 4801f5160a52af54c837ad3279bacac0,
        type: 3}
      propertyPath: m_LocalEulerAnglesHint.y
      value: -0.003
      objectReference: {fileID: 0}
    - target: {fileID: 6407947792190220163, guid: 4801f5160a52af54c837ad3279bacac0,
        type: 3}
      propertyPath: m_LocalEulerAnglesHint.z
      value: 0.006
      objectReference: {fileID: 0}
    - target: {fileID: 6407947792190220164, guid: 4801f5160a52af54c837ad3279bacac0,
        type: 3}
      propertyPath: m_Name
      value: Laser
      objectReference: {fileID: 0}
    m_RemovedComponents: []
  m_SourcePrefab: {fileID: 100100000, guid: 4801f5160a52af54c837ad3279bacac0, type: 3}
--- !u!1 &4254033174722767084 stripped
GameObject:
  m_CorrespondingSourceObject: {fileID: 6407947792190220164, guid: 4801f5160a52af54c837ad3279bacac0,
    type: 3}
  m_PrefabInstance: {fileID: 7198096025828773736}
  m_PrefabAsset: {fileID: 0}
--- !u!4 &4254033174722767083 stripped
Transform:
  m_CorrespondingSourceObject: {fileID: 6407947792190220163, guid: 4801f5160a52af54c837ad3279bacac0,
    type: 3}
  m_PrefabInstance: {fileID: 7198096025828773736}
  m_PrefabAsset: {fileID: 0}
